<?xml version="1.0" encoding="UTF-8"?>
<OAI-PMH xmlns="http://www.openarchives.org/OAI/2.0/" xmlns:xsi="http://www.w3.org/2001/XMLSchema-instance" xsi:schemaLocation="http://www.openarchives.org/OAI/2.0/ http://www.openarchives.org/OAI/2.0/OAI-PMH.xsd">
  <ListRecords>
    <record>
      <header>
        <identifier>aleph-publish:000562878</identifier>
      </header>
      <metadata>
        <record xmlns="http://www.ddb.de/professionell/mabxml/mabxml-1.xsd">
          <leader>00422vM2.01200024------u</leader>
          <controlfield tag="LDR">00422vM2.01200024------u</controlfield>
          <controlfield tag="FMT">MU</controlfield>
          <datafield tag="001" ind1="-" ind2="1">
            <subfield code="a">HT003809798</subfield>
          </datafield>
          <datafield tag="001" ind1="-" ind2="2">
            <subfield code="a">HT003809808</subfield>
          </datafield>
          <datafield tag="002" ind1="a" ind2="1">
            <subfield code="a">19930727</subfield>
          </datafield>
          <datafield tag="002" ind1="a" ind2="2">
            <subfield code="a">19950125</subfield>
          </datafield>
          <datafield tag="003" ind1="-" ind2="1">
            <subfield code="a">20070216</subfield>
          </datafield>
          <datafield tag="010" ind1="-" ind2="1">
            <subfield code="a">HT003809808</subfield>
          </datafield>
          <controlfield tag="030">a|1uc||||||||</controlfield>
          <datafield tag="037" ind1="b" ind2="2">
            <subfield code="a">ger</subfield>
          </datafield>
          <datafield tag="070" ind1="-" ind2="1">
            <subfield code="a">292</subfield>
          </datafield>
          <datafield tag="070" ind1="-" ind2="2">
            <subfield code="a">292</subfield>
          </datafield>
          <datafield tag="080" ind1="-" ind2="1">
            <subfield code="a">60</subfield>
          </datafield>
          <datafield tag="080" ind1="-" ind2="2">
            <subfield code="a">60</subfield>
          </datafield>
          <datafield tag="089" ind1="-" ind2="1">
            <subfield code="a">1</subfield>
          </datafield>
          <datafield tag="090" ind1="-" ind2="1">
            <subfield code="a">1</subfield>
          </datafield>
          <datafield tag="100" ind1="-" ind2="2">
            <subfield code="p">Schäfer, Wilhelm</subfield>
            <subfield code="9">(DE-588)104827904</subfield>
          </datafield>
          <datafield tag="331" ind1="-" ind2="1">
            <subfield code="a">Englisch - Deutsch</subfield>
          </datafield>
          <datafield tag="331" ind1="a" ind2="2">
            <subfield code="a">Management &amp; marketing dictionary</subfield>
          </datafield>
          <datafield tag="359" ind1="-" ind2="2">
            <subfield code="a">von Wilhelm Schäfer</subfield>
          </datafield>
          <datafield tag="370" ind1="c" ind2="2">
            <subfield code="a">Management and marketing dictionary</subfield>
          </datafield>
          <datafield tag="410" ind1="-" ind2="2">
            <subfield code="a">[München]</subfield>
          </datafield>
          <datafield tag="412" ind1="-" ind2="2">
            <subfield code="a">Dt. Taschenbuch-Verl.</subfield>
          </datafield>
          <datafield tag="425" ind1="a" ind2="1">
            <subfield code="a">1991</subfield>
          </datafield>
          <datafield tag="433" ind1="-" ind2="1">
            <subfield code="a">XI, 402 S.</subfield>
          </datafield>
          <datafield tag="451" ind1="-" ind2="1">
            <subfield code="a">... ; 5815 : Beck-Wirtschaftsberater</subfield>
          </datafield>
          <datafield tag="451" ind1="-" ind2="2">
            <subfield code="a">dtv ; ...</subfield>
          </datafield>
          <datafield tag="453" ind1="-" ind2="1">
            <subfield code="a">HT002100889</subfield>
          </datafield>
          <datafield tag="455" ind1="-" ind2="1">
            <subfield code="a">5815 : Beck-Wirtschaftsberater</subfield>
          </datafield>
          <datafield tag="456" ind1="-" ind2="1">
            <subfield code="a">5815</subfield>
          </datafield>
          <datafield tag="523" ind1="-" ind2="2">
            <subfield code="a">Erschienen: Teil 1 - 2</subfield>
          </datafield>
          <datafield tag="540" ind1="a" ind2="1">
            <subfield code="a">3-423-05815-3</subfield>
            <subfield code="b">(dtv) kart. : DM 16.80</subfield>
          </datafield>
          <datafield tag="540" ind1="a" ind2="1">
            <subfield code="a">3-8006-1510-X</subfield>
            <subfield code="b">(Beck/Vahlen) kart. : DM 16.80</subfield>
          </datafield>
          <datafield tag="700" ind1="l" ind2="1">
            <subfield code="a">650</subfield>
          </datafield>
          <datafield tag="700" ind1="g" ind2="1">
            <subfield code="a">QB 020</subfield>
          </datafield>
          <datafield tag="700" ind1="g" ind2="1">
            <subfield code="a">HD 310</subfield>
          </datafield>
          <datafield tag="700" ind1="g" ind2="1">
            <subfield code="a">HD 232</subfield>
          </datafield>
          <datafield tag="700" ind1="g" ind2="1">
            <subfield code="a">QP 300</subfield>
          </datafield>
          <datafield tag="700" ind1="g" ind2="1">
            <subfield code="a">HD 231</subfield>
          </datafield>
          <datafield tag="700" ind1="l" ind2="2">
            <subfield code="a">650</subfield>
          </datafield>
          <datafield tag="902" ind1="-" ind2="1">
            <subfield code="s">Management</subfield>
            <subfield code="9">(DE-588)4037278-9</subfield>
          </datafield>
          <datafield tag="902" ind1="-" ind2="1">
            <subfield code="s">Wörterbuch</subfield>
            <subfield code="h">mehrsprachig</subfield>
            <subfield code="9">(DE-588)4218084-3</subfield>
          </datafield>
          <datafield tag="902" ind1="-" ind2="2">
            <subfield code="s">Deutsch</subfield>
            <subfield code="9">(DE-588)4113292-0</subfield>
          </datafield>
          <datafield tag="902" ind1="-" ind2="2">
            <subfield code="f">Wörterbuch</subfield>
          </datafield>
          <datafield tag="902" ind1="-" ind2="2">
            <subfield code="s">Management</subfield>
            <subfield code="9">(DE-588)4037278-9</subfield>
          </datafield>
          <datafield tag="902" ind1="-" ind2="2">
            <subfield code="s">Englisch</subfield>
            <subfield code="9">(DE-588)4014777-0</subfield>
          </datafield>
          <datafield tag="903" ind1="-" ind2="1">
            <subfield code="a">1234</subfield>
            <subfield code="a">4231</subfield>
          </datafield>
          <datafield tag="903" ind1="-" ind2="2">
            <subfield code="a">4231</subfield>
          </datafield>
          <datafield tag="907" ind1="-" ind2="1">
            <subfield code="s">Marketing</subfield>
            <subfield code="9">(DE-588)4037589-4</subfield>
          </datafield>
          <datafield tag="907" ind1="-" ind2="1">
            <subfield code="s">Wörterbuch</subfield>
            <subfield code="h">mehrsprachig</subfield>
            <subfield code="9">(DE-588)4218084-3</subfield>
          </datafield>
          <datafield tag="907" ind1="-" ind2="2">
            <subfield code="s">Management</subfield>
            <subfield code="9">(DE-588)4037278-9</subfield>
          </datafield>
          <datafield tag="907" ind1="-" ind2="2">
            <subfield code="f">Wörterbuch &lt;mehrsprachig&gt;</subfield>
          </datafield>
          <datafield tag="908" ind1="-" ind2="1">
            <subfield code="a">4231</subfield>
          </datafield>
          <datafield tag="912" ind1="-" ind2="1">
            <subfield code="s">Deutsch</subfield>
            <subfield code="9">(DE-588)4113292-0</subfield>
          </datafield>
          <datafield tag="912" ind1="-" ind2="1">
            <subfield code="s">Wörterbuch</subfield>
            <subfield code="9">(DE-588)4066724-8</subfield>
          </datafield>
          <datafield tag="912" ind1="-" ind2="1">
            <subfield code="s">Management</subfield>
            <subfield code="9">(DE-588)4037278-9</subfield>
          </datafield>
          <datafield tag="912" ind1="-" ind2="1">
            <subfield code="s">Englisch</subfield>
            <subfield code="9">(DE-588)4014777-0</subfield>
          </datafield>
          <datafield tag="912" ind1="-" ind2="2">
            <subfield code="s">Deutsch</subfield>
            <subfield code="9">(DE-588)4113292-0</subfield>
          </datafield>
          <datafield tag="912" ind1="-" ind2="2">
            <subfield code="f">Wörterbuch</subfield>
          </datafield>
          <datafield tag="912" ind1="-" ind2="2">
            <subfield code="s">Marketing</subfield>
            <subfield code="9">(DE-588)4037589-4</subfield>
          </datafield>
          <datafield tag="912" ind1="-" ind2="2">
            <subfield code="s">Englisch</subfield>
            <subfield code="9">(DE-588)4014777-0</subfield>
          </datafield>
          <datafield tag="913" ind1="-" ind2="1">
            <subfield code="a">1234</subfield>
            <subfield code="a">4231</subfield>
          </datafield>
          <datafield tag="913" ind1="-" ind2="2">
            <subfield code="a">4231</subfield>
          </datafield>
          <datafield tag="917" ind1="-" ind2="1">
            <subfield code="s">Deutsch</subfield>
            <subfield code="9">(DE-588)4113292-0</subfield>
          </datafield>
          <datafield tag="917" ind1="-" ind2="1">
            <subfield code="s">Wörterbuch</subfield>
            <subfield code="9">(DE-588)4066724-8</subfield>
          </datafield>
          <datafield tag="917" ind1="-" ind2="1">
            <subfield code="s">Marketing</subfield>
            <subfield code="9">(DE-588)4037589-4</subfield>
          </datafield>
          <datafield tag="917" ind1="-" ind2="1">
            <subfield code="s">Englisch</subfield>
            <subfield code="9">(DE-588)4014777-0</subfield>
          </datafield>
          <datafield tag="917" ind1="-" ind2="2">
            <subfield code="s">Marketing</subfield>
            <subfield code="9">(DE-588)4037589-4</subfield>
          </datafield>
          <datafield tag="917" ind1="-" ind2="2">
            <subfield code="f">Wörterbuch &lt;mehrsprachig&gt;</subfield>
          </datafield>
          <datafield tag="918" ind1="-" ind2="1">
            <subfield code="a">4231</subfield>
          </datafield>
          <datafield tag="922" ind1="-" ind2="1">
            <subfield code="s">Englisch</subfield>
            <subfield code="9">(DE-588)4014777-0</subfield>
          </datafield>
          <datafield tag="922" ind1="-" ind2="1">
            <subfield code="s">Wörterbuch</subfield>
            <subfield code="h">mehrsprachig</subfield>
            <subfield code="9">(DE-588)4218084-3</subfield>
          </datafield>
          <datafield tag="922" ind1="-" ind2="1">
            <subfield code="s">Management</subfield>
            <subfield code="9">(DE-588)4037278-9</subfield>
          </datafield>
          <datafield tag="922" ind1="-" ind2="1">
            <subfield code="s">Deutsch</subfield>
            <subfield code="9">(DE-588)4113292-0</subfield>
          </datafield>
          <datafield tag="923" ind1="-" ind2="1">
            <subfield code="a">4231</subfield>
          </datafield>
          <datafield tag="927" ind1="-" ind2="1">
            <subfield code="s">Englisch</subfield>
            <subfield code="9">(DE-588)4014777-0</subfield>
          </datafield>
          <datafield tag="927" ind1="-" ind2="1">
            <subfield code="s">Wirtschaftssprache</subfield>
            <subfield code="9">(DE-588)4117662-5</subfield>
          </datafield>
          <datafield tag="927" ind1="-" ind2="1">
            <subfield code="s">Wörterbuch</subfield>
            <subfield code="9">(DE-588)4066724-8</subfield>
          </datafield>
          <datafield tag="927" ind1="-" ind2="1">
            <subfield code="s">Deutsch</subfield>
            <subfield code="9">(DE-588)4113292-0</subfield>
          </datafield>
          <datafield tag="928" ind1="-" ind2="1">
            <subfield code="a">4321</subfield>
            <subfield code="a">1324</subfield>
          </datafield>
          <datafield tag="932" ind1="-" ind2="1">
            <subfield code="s">Wirtschaft</subfield>
            <subfield code="9">(DE-588)4066399-1</subfield>
          </datafield>
          <datafield tag="932" ind1="-" ind2="1">
            <subfield code="s">Wörterbuch</subfield>
            <subfield code="h">mehrsprachig</subfield>
            <subfield code="9">(DE-588)4218084-3</subfield>
          </datafield>
          <datafield tag="933" ind1="-" ind2="1">
            <subfield code="a">4231</subfield>
            <subfield code="a">4231</subfield>
          </datafield>
          <controlfield tag="SYS">000562878</controlfield>
          <datafield tag="PPE" ind1="-" ind2="1">
            <subfield code="p">Schäfer, W.</subfield>
            <subfield code="9">(DE-588)104827904</subfield>
          </datafield>
          <datafield tag="PPE" ind1="-" ind2="1">
            <subfield code="p">Schäfer-Himmelstoss, ...</subfield>
            <subfield code="9">(DE-588)104827904</subfield>
          </datafield>
          <datafield tag="PPE" ind1="-" ind2="1">
            <subfield code="p">Schäfer, W.</subfield>
            <subfield code="9">(DE-588)104827904</subfield>
          </datafield>
          <datafield tag="PPE" ind1="-" ind2="1">
            <subfield code="p">Schäfer-Himmelstoss, ...</subfield>
            <subfield code="9">(DE-588)104827904</subfield>
          </datafield>
          <datafield tag="PPE" ind1="-" ind2="1">
            <subfield code="p">Schäfer, W.</subfield>
            <subfield code="9">(DE-588)104827904</subfield>
          </datafield>
          <datafield tag="PPE" ind1="-" ind2="1">
            <subfield code="p">Schäfer-Himmelstoss, ...</subfield>
            <subfield code="9">(DE-588)104827904</subfield>
          </datafield>
          <datafield tag="PSW" ind1="-" ind2="1">
            <subfield code="s">Unternehmen</subfield>
            <subfield code="x">Leitung</subfield>
            <subfield code="h">Management</subfield>
            <subfield code="9">(DE-588)4037278-9</subfield>
          </datafield>
          <datafield tag="PSW" ind1="-" ind2="1">
            <subfield code="s">Unternehmen</subfield>
            <subfield code="x">Management</subfield>
            <subfield code="9">(DE-588)4037278-9</subfield>
          </datafield>
          <datafield tag="PSW" ind1="-" ind2="1">
            <subfield code="s">Unternehmensmanagement</subfield>
            <subfield code="9">(DE-588)4037278-9</subfield>
          </datafield>
          <datafield tag="PSW" ind1="-" ind2="1">
            <subfield code="s">Unternehmensführung</subfield>
            <subfield code="9">(DE-588)4037278-9</subfield>
          </datafield>
          <datafield tag="PSW" ind1="-" ind2="1">
            <subfield code="s">Leitung</subfield>
            <subfield code="h">Organisation</subfield>
            <subfield code="9">(DE-588)4037278-9</subfield>
          </datafield>
          <datafield tag="PSW" ind1="-" ind2="1">
            <subfield code="s">Absatzwirtschaft</subfield>
            <subfield code="9">(DE-588)4037589-4</subfield>
          </datafield>
          <datafield tag="PSW" ind1="-" ind2="1">
            <subfield code="s">Konsumgütermarketing</subfield>
            <subfield code="9">(DE-588)4037589-4</subfield>
          </datafield>
          <datafield tag="PSW" ind1="-" ind2="1">
            <subfield code="s">Marketingpolitik</subfield>
            <subfield code="9">(DE-588)4037589-4</subfield>
          </datafield>
          <datafield tag="PSW" ind1="-" ind2="1">
            <subfield code="s">Verbrauchsgut</subfield>
            <subfield code="x">Marketing</subfield>
            <subfield code="9">(DE-588)4037589-4</subfield>
          </datafield>
          <datafield tag="PSW" ind1="-" ind2="1">
            <subfield code="s">Verbrauchsgütermarketing</subfield>
            <subfield code="9">(DE-588)4037589-4</subfield>
          </datafield>
          <datafield tag="PSW" ind1="-" ind2="1">
            <subfield code="s">Absatzpolitik</subfield>
            <subfield code="9">(DE-588)4037589-4</subfield>
          </datafield>
          <datafield tag="PSW" ind1="-" ind2="1">
            <subfield code="s">Absatzplanung</subfield>
            <subfield code="9">(DE-588)4037589-4</subfield>
          </datafield>
          <datafield tag="PSW" ind1="-" ind2="1">
            <subfield code="s">Verkaufsplanung</subfield>
            <subfield code="9">(DE-588)4037589-4</subfield>
          </datafield>
          <datafield tag="PSW" ind1="-" ind2="1">
            <subfield code="s">Absatzwirtschaft</subfield>
            <subfield code="9">(DE-588)4037589-4</subfield>
          </datafield>
          <datafield tag="PSW" ind1="-" ind2="1">
            <subfield code="s">Konsumgütermarketing</subfield>
            <subfield code="9">(DE-588)4037589-4</subfield>
          </datafield>
          <datafield tag="PSW" ind1="-" ind2="1">
            <subfield code="s">Marketingpolitik</subfield>
            <subfield code="9">(DE-588)4037589-4</subfield>
          </datafield>
          <datafield tag="PSW" ind1="-" ind2="1">
            <subfield code="s">Verbrauchsgut</subfield>
            <subfield code="x">Marketing</subfield>
            <subfield code="9">(DE-588)4037589-4</subfield>
          </datafield>
          <datafield tag="PSW" ind1="-" ind2="1">
            <subfield code="s">Verbrauchsgütermarketing</subfield>
            <subfield code="9">(DE-588)4037589-4</subfield>
          </datafield>
          <datafield tag="PSW" ind1="-" ind2="1">
            <subfield code="s">Absatzpolitik</subfield>
            <subfield code="9">(DE-588)4037589-4</subfield>
          </datafield>
          <datafield tag="PSW" ind1="-" ind2="1">
            <subfield code="s">Absatzplanung</subfield>
            <subfield code="9">(DE-588)4037589-4</subfield>
          </datafield>
          <datafield tag="PSW" ind1="-" ind2="1">
            <subfield code="s">Verkaufsplanung</subfield>
            <subfield code="9">(DE-588)4037589-4</subfield>
          </datafield>
          <datafield tag="PSW" ind1="-" ind2="1">
            <subfield code="s">Absatzwirtschaft</subfield>
            <subfield code="9">(DE-588)4037589-4</subfield>
          </datafield>
          <datafield tag="PSW" ind1="-" ind2="1">
            <subfield code="s">Konsumgütermarketing</subfield>
            <subfield code="9">(DE-588)4037589-4</subfield>
          </datafield>
          <datafield tag="PSW" ind1="-" ind2="1">
            <subfield code="s">Marketingpolitik</subfield>
            <subfield code="9">(DE-588)4037589-4</subfield>
          </datafield>
          <datafield tag="PSW" ind1="-" ind2="1">
            <subfield code="s">Verbrauchsgut</subfield>
            <subfield code="x">Marketing</subfield>
            <subfield code="9">(DE-588)4037589-4</subfield>
          </datafield>
          <datafield tag="PSW" ind1="-" ind2="1">
            <subfield code="s">Verbrauchsgütermarketing</subfield>
            <subfield code="9">(DE-588)4037589-4</subfield>
          </datafield>
          <datafield tag="PSW" ind1="-" ind2="1">
            <subfield code="s">Absatzpolitik</subfield>
            <subfield code="9">(DE-588)4037589-4</subfield>
          </datafield>
          <datafield tag="PSW" ind1="-" ind2="1">
            <subfield code="s">Absatzplanung</subfield>
            <subfield code="9">(DE-588)4037589-4</subfield>
          </datafield>
          <datafield tag="PSW" ind1="-" ind2="1">
            <subfield code="s">Verkaufsplanung</subfield>
            <subfield code="9">(DE-588)4037589-4</subfield>
          </datafield>
          <datafield tag="PSW" ind1="-" ind2="1">
            <subfield code="s">Neuhochdeutsch</subfield>
            <subfield code="9">(DE-588)4113292-0</subfield>
          </datafield>
          <datafield tag="PSW" ind1="-" ind2="1">
            <subfield code="s">Deutsche Sprache</subfield>
            <subfield code="9">(DE-588)4113292-0</subfield>
          </datafield>
          <datafield tag="PSW" ind1="-" ind2="1">
            <subfield code="s">Hochdeutsch</subfield>
            <subfield code="9">(DE-588)4113292-0</subfield>
          </datafield>
          <datafield tag="PSW" ind1="-" ind2="1">
            <subfield code="s">Reallexikon</subfield>
            <subfield code="h">Formschlagwort</subfield>
            <subfield code="9">(DE-588)4066724-8</subfield>
          </datafield>
          <datafield tag="PSW" ind1="-" ind2="1">
            <subfield code="s">Sachwörterbuch</subfield>
            <subfield code="h">Formschlagwort</subfield>
            <subfield code="9">(DE-588)4066724-8</subfield>
          </datafield>
          <datafield tag="PSW" ind1="-" ind2="1">
            <subfield code="s">Sprachwörterbuch</subfield>
            <subfield code="9">(DE-588)4066724-8</subfield>
          </datafield>
          <datafield tag="PSW" ind1="-" ind2="1">
            <subfield code="s">Vokabular</subfield>
            <subfield code="h">Wörterbuch</subfield>
            <subfield code="9">(DE-588)4066724-8</subfield>
          </datafield>
          <datafield tag="PSW" ind1="-" ind2="1">
            <subfield code="s">Vokabularium</subfield>
            <subfield code="9">(DE-588)4066724-8</subfield>
          </datafield>
          <datafield tag="PSW" ind1="-" ind2="1">
            <subfield code="s">Wörterbücher</subfield>
            <subfield code="9">(DE-588)4066724-8</subfield>
          </datafield>
          <datafield tag="PSW" ind1="-" ind2="1">
            <subfield code="s">Dictionary</subfield>
            <subfield code="9">(DE-588)4066724-8</subfield>
          </datafield>
          <datafield tag="PSW" ind1="-" ind2="1">
            <subfield code="s">Britisches Englisch</subfield>
            <subfield code="9">(DE-588)4014777-0</subfield>
          </datafield>
          <datafield tag="PSW" ind1="-" ind2="1">
            <subfield code="s">Englische Sprache</subfield>
            <subfield code="9">(DE-588)4014777-0</subfield>
          </datafield>
          <datafield tag="PSW" ind1="-" ind2="1">
            <subfield code="s">Geschäftssprache</subfield>
            <subfield code="9">(DE-588)4117662-5</subfield>
          </datafield>
          <datafield tag="PSW" ind1="-" ind2="1">
            <subfield code="s">Wirtschaft</subfield>
            <subfield code="x">Sondersprache</subfield>
            <subfield code="9">(DE-588)4117662-5</subfield>
          </datafield>
          <datafield tag="PSW" ind1="-" ind2="1">
            <subfield code="s">Handelssprache</subfield>
            <subfield code="9">(DE-588)4117662-5</subfield>
          </datafield>
          <datafield tag="PSW" ind1="-" ind2="1">
            <subfield code="s">Handel</subfield>
            <subfield code="x">Sondersprache</subfield>
            <subfield code="9">(DE-588)4117662-5</subfield>
          </datafield>
          <datafield tag="PSW" ind1="-" ind2="1">
            <subfield code="s">Kaufmannssprache</subfield>
            <subfield code="9">(DE-588)4117662-5</subfield>
          </datafield>
          <datafield tag="PSW" ind1="-" ind2="1">
            <subfield code="s">Businesssprache</subfield>
            <subfield code="9">(DE-588)4117662-5</subfield>
          </datafield>
          <datafield tag="PSW" ind1="-" ind2="1">
            <subfield code="s">Wirtschaftsleben</subfield>
            <subfield code="9">(DE-588)4066399-1</subfield>
          </datafield>
          <datafield tag="PSW" ind1="-" ind2="1">
            <subfield code="s">Ökonomie</subfield>
            <subfield code="h">Wirtschaft</subfield>
            <subfield code="9">(DE-588)4066399-1</subfield>
          </datafield>
          <datafield tag="PSW" ind1="-" ind2="1">
            <subfield code="s">Economy</subfield>
            <subfield code="9">(DE-588)4066399-1</subfield>
          </datafield>
          <datafield tag="PSW" ind1="-" ind2="1">
            <subfield code="s">Reallexikon</subfield>
            <subfield code="h">Formschlagwort</subfield>
            <subfield code="9">(DE-588)4066724-8</subfield>
          </datafield>
          <datafield tag="PSW" ind1="-" ind2="1">
            <subfield code="s">Sachwörterbuch</subfield>
            <subfield code="h">Formschlagwort</subfield>
            <subfield code="9">(DE-588)4066724-8</subfield>
          </datafield>
          <datafield tag="PSW" ind1="-" ind2="1">
            <subfield code="s">Sprachwörterbuch</subfield>
            <subfield code="9">(DE-588)4066724-8</subfield>
          </datafield>
          <datafield tag="PSW" ind1="-" ind2="1">
            <subfield code="s">Vokabular</subfield>
            <subfield code="h">Wörterbuch</subfield>
            <subfield code="9">(DE-588)4066724-8</subfield>
          </datafield>
          <datafield tag="PSW" ind1="-" ind2="1">
            <subfield code="s">Vokabularium</subfield>
            <subfield code="9">(DE-588)4066724-8</subfield>
          </datafield>
          <datafield tag="PSW" ind1="-" ind2="1">
            <subfield code="s">Wörterbücher</subfield>
            <subfield code="9">(DE-588)4066724-8</subfield>
          </datafield>
          <datafield tag="PSW" ind1="-" ind2="1">
            <subfield code="s">Dictionary</subfield>
            <subfield code="9">(DE-588)4066724-8</subfield>
          </datafield>
          <datafield tag="PSW" ind1="-" ind2="1">
            <subfield code="s">Britisches Englisch</subfield>
            <subfield code="9">(DE-588)4014777-0</subfield>
          </datafield>
          <datafield tag="PSW" ind1="-" ind2="1">
            <subfield code="s">Englische Sprache</subfield>
            <subfield code="9">(DE-588)4014777-0</subfield>
          </datafield>
          <datafield tag="PSW" ind1="-" ind2="1">
            <subfield code="s">Geschäftssprache</subfield>
            <subfield code="9">(DE-588)4117662-5</subfield>
          </datafield>
          <datafield tag="PSW" ind1="-" ind2="1">
            <subfield code="s">Wirtschaft</subfield>
            <subfield code="x">Sondersprache</subfield>
            <subfield code="9">(DE-588)4117662-5</subfield>
          </datafield>
          <datafield tag="PSW" ind1="-" ind2="1">
            <subfield code="s">Handelssprache</subfield>
            <subfield code="9">(DE-588)4117662-5</subfield>
          </datafield>
          <datafield tag="PSW" ind1="-" ind2="1">
            <subfield code="s">Handel</subfield>
            <subfield code="x">Sondersprache</subfield>
            <subfield code="9">(DE-588)4117662-5</subfield>
          </datafield>
          <datafield tag="PSW" ind1="-" ind2="1">
            <subfield code="s">Kaufmannssprache</subfield>
            <subfield code="9">(DE-588)4117662-5</subfield>
          </datafield>
          <datafield tag="PSW" ind1="-" ind2="1">
            <subfield code="s">Businesssprache</subfield>
            <subfield code="9">(DE-588)4117662-5</subfield>
          </datafield>
          <datafield tag="PSW" ind1="-" ind2="1">
            <subfield code="s">Neuhochdeutsch</subfield>
            <subfield code="9">(DE-588)4113292-0</subfield>
          </datafield>
          <datafield tag="PSW" ind1="-" ind2="1">
            <subfield code="s">Deutsche Sprache</subfield>
            <subfield code="9">(DE-588)4113292-0</subfield>
          </datafield>
          <datafield tag="PSW" ind1="-" ind2="1">
            <subfield code="s">Hochdeutsch</subfield>
            <subfield code="9">(DE-588)4113292-0</subfield>
          </datafield>
          <datafield tag="PSW" ind1="-" ind2="1">
            <subfield code="s">Wirtschaftsleben</subfield>
            <subfield code="9">(DE-588)4066399-1</subfield>
          </datafield>
          <datafield tag="PSW" ind1="-" ind2="1">
            <subfield code="s">Ökonomie</subfield>
            <subfield code="h">Wirtschaft</subfield>
            <subfield code="9">(DE-588)4066399-1</subfield>
          </datafield>
          <datafield tag="PSW" ind1="-" ind2="1">
            <subfield code="s">Economy</subfield>
            <subfield code="9">(DE-588)4066399-1</subfield>
          </datafield>
          <datafield tag="PSW" ind1="-" ind2="1">
            <subfield code="s">Unternehmen</subfield>
            <subfield code="x">Leitung</subfield>
            <subfield code="h">Management</subfield>
            <subfield code="9">(DE-588)4037278-9</subfield>
          </datafield>
          <datafield tag="PSW" ind1="-" ind2="1">
            <subfield code="s">Unternehmen</subfield>
            <subfield code="x">Management</subfield>
            <subfield code="9">(DE-588)4037278-9</subfield>
          </datafield>
          <datafield tag="PSW" ind1="-" ind2="1">
            <subfield code="s">Unternehmensmanagement</subfield>
            <subfield code="9">(DE-588)4037278-9</subfield>
          </datafield>
          <datafield tag="PSW" ind1="-" ind2="1">
            <subfield code="s">Unternehmensführung</subfield>
            <subfield code="9">(DE-588)4037278-9</subfield>
          </datafield>
          <datafield tag="PSW" ind1="-" ind2="1">
            <subfield code="s">Leitung</subfield>
            <subfield code="h">Organisation</subfield>
            <subfield code="9">(DE-588)4037278-9</subfield>
          </datafield>
          <datafield tag="PSW" ind1="-" ind2="1">
            <subfield code="s">Neuhochdeutsch</subfield>
            <subfield code="9">(DE-588)4113292-0</subfield>
          </datafield>
          <datafield tag="PSW" ind1="-" ind2="1">
            <subfield code="s">Deutsche Sprache</subfield>
            <subfield code="9">(DE-588)4113292-0</subfield>
          </datafield>
          <datafield tag="PSW" ind1="-" ind2="1">
            <subfield code="s">Hochdeutsch</subfield>
            <subfield code="9">(DE-588)4113292-0</subfield>
          </datafield>
          <datafield tag="PSW" ind1="-" ind2="1">
            <subfield code="s">Reallexikon</subfield>
            <subfield code="h">Formschlagwort</subfield>
            <subfield code="9">(DE-588)4066724-8</subfield>
          </datafield>
          <datafield tag="PSW" ind1="-" ind2="1">
            <subfield code="s">Sachwörterbuch</subfield>
            <subfield code="h">Formschlagwort</subfield>
            <subfield code="9">(DE-588)4066724-8</subfield>
          </datafield>
          <datafield tag="PSW" ind1="-" ind2="1">
            <subfield code="s">Sprachwörterbuch</subfield>
            <subfield code="9">(DE-588)4066724-8</subfield>
          </datafield>
          <datafield tag="PSW" ind1="-" ind2="1">
            <subfield code="s">Vokabular</subfield>
            <subfield code="h">Wörterbuch</subfield>
            <subfield code="9">(DE-588)4066724-8</subfield>
          </datafield>
          <datafield tag="PSW" ind1="-" ind2="1">
            <subfield code="s">Vokabularium</subfield>
            <subfield code="9">(DE-588)4066724-8</subfield>
          </datafield>
          <datafield tag="PSW" ind1="-" ind2="1">
            <subfield code="s">Wörterbücher</subfield>
            <subfield code="9">(DE-588)4066724-8</subfield>
          </datafield>
          <datafield tag="PSW" ind1="-" ind2="1">
            <subfield code="s">Dictionary</subfield>
            <subfield code="9">(DE-588)4066724-8</subfield>
          </datafield>
          <datafield tag="PSW" ind1="-" ind2="1">
            <subfield code="s">Geschäftssprache</subfield>
            <subfield code="9">(DE-588)4117662-5</subfield>
          </datafield>
          <datafield tag="PSW" ind1="-" ind2="1">
            <subfield code="s">Wirtschaft</subfield>
            <subfield code="x">Sondersprache</subfield>
            <subfield code="9">(DE-588)4117662-5</subfield>
          </datafield>
          <datafield tag="PSW" ind1="-" ind2="1">
            <subfield code="s">Handelssprache</subfield>
            <subfield code="9">(DE-588)4117662-5</subfield>
          </datafield>
          <datafield tag="PSW" ind1="-" ind2="1">
            <subfield code="s">Handel</subfield>
            <subfield code="x">Sondersprache</subfield>
            <subfield code="9">(DE-588)4117662-5</subfield>
          </datafield>
          <datafield tag="PSW" ind1="-" ind2="1">
            <subfield code="s">Kaufmannssprache</subfield>
            <subfield code="9">(DE-588)4117662-5</subfield>
          </datafield>
          <datafield tag="PSW" ind1="-" ind2="1">
            <subfield code="s">Businesssprache</subfield>
            <subfield code="9">(DE-588)4117662-5</subfield>
          </datafield>
          <datafield tag="PSW" ind1="-" ind2="1">
            <subfield code="s">Absatzwirtschaft</subfield>
            <subfield code="9">(DE-588)4037589-4</subfield>
          </datafield>
          <datafield tag="PSW" ind1="-" ind2="1">
            <subfield code="s">Konsumgütermarketing</subfield>
            <subfield code="9">(DE-588)4037589-4</subfield>
          </datafield>
          <datafield tag="PSW" ind1="-" ind2="1">
            <subfield code="s">Marketingpolitik</subfield>
            <subfield code="9">(DE-588)4037589-4</subfield>
          </datafield>
          <datafield tag="PSW" ind1="-" ind2="1">
            <subfield code="s">Verbrauchsgut</subfield>
            <subfield code="x">Marketing</subfield>
            <subfield code="9">(DE-588)4037589-4</subfield>
          </datafield>
          <datafield tag="PSW" ind1="-" ind2="1">
            <subfield code="s">Verbrauchsgütermarketing</subfield>
            <subfield code="9">(DE-588)4037589-4</subfield>
          </datafield>
          <datafield tag="PSW" ind1="-" ind2="1">
            <subfield code="s">Absatzpolitik</subfield>
            <subfield code="9">(DE-588)4037589-4</subfield>
          </datafield>
          <datafield tag="PSW" ind1="-" ind2="1">
            <subfield code="s">Absatzplanung</subfield>
            <subfield code="9">(DE-588)4037589-4</subfield>
          </datafield>
          <datafield tag="PSW" ind1="-" ind2="1">
            <subfield code="s">Verkaufsplanung</subfield>
            <subfield code="9">(DE-588)4037589-4</subfield>
          </datafield>
          <datafield tag="PSW" ind1="-" ind2="1">
            <subfield code="s">Unternehmen</subfield>
            <subfield code="x">Leitung</subfield>
            <subfield code="h">Management</subfield>
            <subfield code="9">(DE-588)4037278-9</subfield>
          </datafield>
          <datafield tag="PSW" ind1="-" ind2="1">
            <subfield code="s">Unternehmen</subfield>
            <subfield code="x">Management</subfield>
            <subfield code="9">(DE-588)4037278-9</subfield>
          </datafield>
          <datafield tag="PSW" ind1="-" ind2="1">
            <subfield code="s">Unternehmensmanagement</subfield>
            <subfield code="9">(DE-588)4037278-9</subfield>
          </datafield>
          <datafield tag="PSW" ind1="-" ind2="1">
            <subfield code="s">Unternehmensführung</subfield>
            <subfield code="9">(DE-588)4037278-9</subfield>
          </datafield>
          <datafield tag="PSW" ind1="-" ind2="1">
            <subfield code="s">Leitung</subfield>
            <subfield code="h">Organisation</subfield>
            <subfield code="9">(DE-588)4037278-9</subfield>
          </datafield>
          <datafield tag="PSW" ind1="-" ind2="1">
            <subfield code="s">Britisches Englisch</subfield>
            <subfield code="9">(DE-588)4014777-0</subfield>
          </datafield>
          <datafield tag="PSW" ind1="-" ind2="1">
            <subfield code="s">Englische Sprache</subfield>
            <subfield code="9">(DE-588)4014777-0</subfield>
          </datafield>
          <datafield tag="PSW" ind1="-" ind2="1">
            <subfield code="s">Wirtschaftsleben</subfield>
            <subfield code="9">(DE-588)4066399-1</subfield>
          </datafield>
          <datafield tag="PSW" ind1="-" ind2="1">
            <subfield code="s">Ökonomie</subfield>
            <subfield code="h">Wirtschaft</subfield>
            <subfield code="9">(DE-588)4066399-1</subfield>
          </datafield>
          <datafield tag="PSW" ind1="-" ind2="1">
            <subfield code="s">Economy</subfield>
            <subfield code="9">(DE-588)4066399-1</subfield>
          </datafield>
          <datafield tag="PSW" ind1="-" ind2="1">
            <subfield code="s">Absatzwirtschaft</subfield>
            <subfield code="9">(DE-588)4037589-4</subfield>
          </datafield>
          <datafield tag="PSW" ind1="-" ind2="1">
            <subfield code="s">Konsumgütermarketing</subfield>
            <subfield code="9">(DE-588)4037589-4</subfield>
          </datafield>
          <datafield tag="PSW" ind1="-" ind2="1">
            <subfield code="s">Marketingpolitik</subfield>
            <subfield code="9">(DE-588)4037589-4</subfield>
          </datafield>
          <datafield tag="PSW" ind1="-" ind2="1">
            <subfield code="s">Verbrauchsgut</subfield>
            <subfield code="x">Marketing</subfield>
            <subfield code="9">(DE-588)4037589-4</subfield>
          </datafield>
          <datafield tag="PSW" ind1="-" ind2="1">
            <subfield code="s">Verbrauchsgütermarketing</subfield>
            <subfield code="9">(DE-588)4037589-4</subfield>
          </datafield>
          <datafield tag="PSW" ind1="-" ind2="1">
            <subfield code="s">Absatzpolitik</subfield>
            <subfield code="9">(DE-588)4037589-4</subfield>
          </datafield>
          <datafield tag="PSW" ind1="-" ind2="1">
            <subfield code="s">Absatzplanung</subfield>
            <subfield code="9">(DE-588)4037589-4</subfield>
          </datafield>
          <datafield tag="PSW" ind1="-" ind2="1">
            <subfield code="s">Verkaufsplanung</subfield>
            <subfield code="9">(DE-588)4037589-4</subfield>
          </datafield>
          <datafield tag="PPE" ind1="-" ind2="1">
            <subfield code="p">Schäfer, W.</subfield>
            <subfield code="9">(DE-588)104827904</subfield>
          </datafield>
          <datafield tag="PPE" ind1="-" ind2="1">
            <subfield code="p">Schäfer-Himmelstoss, ...</subfield>
            <subfield code="9">(DE-588)104827904</subfield>
          </datafield>
          <datafield tag="PPE" ind1="-" ind2="1">
            <subfield code="p">Schäfer, W.</subfield>
            <subfield code="9">(DE-588)104827904</subfield>
          </datafield>
          <datafield tag="PPE" ind1="-" ind2="1">
            <subfield code="p">Schäfer-Himmelstoss, ...</subfield>
            <subfield code="9">(DE-588)104827904</subfield>
          </datafield>
          <datafield tag="PPE" ind1="-" ind2="2">
            <subfield code="p">Schäfer, W.</subfield>
            <subfield code="9">(DE-588)104827904</subfield>
          </datafield>
          <datafield tag="PPE" ind1="-" ind2="2">
            <subfield code="p">Schäfer-Himmelstoss, ...</subfield>
            <subfield code="9">(DE-588)104827904</subfield>
          </datafield>
          <datafield tag="PPE" ind1="-" ind2="2">
            <subfield code="p">Schäfer, W.</subfield>
            <subfield code="9">(DE-588)104827904</subfield>
          </datafield>
          <datafield tag="PPE" ind1="-" ind2="2">
            <subfield code="p">Schäfer-Himmelstoss, ...</subfield>
            <subfield code="9">(DE-588)104827904</subfield>
          </datafield>
          <datafield tag="PPE" ind1="-" ind2="2">
            <subfield code="p">Schäfer, W.</subfield>
            <subfield code="9">(DE-588)104827904</subfield>
          </datafield>
          <datafield tag="PPE" ind1="-" ind2="2">
            <subfield code="p">Schäfer-Himmelstoss, ...</subfield>
            <subfield code="9">(DE-588)104827904</subfield>
          </datafield>
          <datafield tag="PSW" ind1="-" ind2="2">
            <subfield code="s">Neuhochdeutsch</subfield>
            <subfield code="9">(DE-588)4113292-0</subfield>
          </datafield>
          <datafield tag="PSW" ind1="-" ind2="2">
            <subfield code="s">Deutsche Sprache</subfield>
            <subfield code="9">(DE-588)4113292-0</subfield>
          </datafield>
          <datafield tag="PSW" ind1="-" ind2="2">
            <subfield code="s">Hochdeutsch</subfield>
            <subfield code="9">(DE-588)4113292-0</subfield>
          </datafield>
          <datafield tag="PSW" ind1="-" ind2="2">
            <subfield code="s">Unternehmen</subfield>
            <subfield code="x">Leitung</subfield>
            <subfield code="h">Management</subfield>
            <subfield code="9">(DE-588)4037278-9</subfield>
          </datafield>
          <datafield tag="PSW" ind1="-" ind2="2">
            <subfield code="s">Unternehmen</subfield>
            <subfield code="x">Management</subfield>
            <subfield code="9">(DE-588)4037278-9</subfield>
          </datafield>
          <datafield tag="PSW" ind1="-" ind2="2">
            <subfield code="s">Unternehmensmanagement</subfield>
            <subfield code="9">(DE-588)4037278-9</subfield>
          </datafield>
          <datafield tag="PSW" ind1="-" ind2="2">
            <subfield code="s">Unternehmensführung</subfield>
            <subfield code="9">(DE-588)4037278-9</subfield>
          </datafield>
          <datafield tag="PSW" ind1="-" ind2="2">
            <subfield code="s">Leitung</subfield>
            <subfield code="h">Organisation</subfield>
            <subfield code="9">(DE-588)4037278-9</subfield>
          </datafield>
          <datafield tag="PSW" ind1="-" ind2="2">
            <subfield code="s">Britisches Englisch</subfield>
            <subfield code="9">(DE-588)4014777-0</subfield>
          </datafield>
          <datafield tag="PSW" ind1="-" ind2="2">
            <subfield code="s">Englische Sprache</subfield>
            <subfield code="9">(DE-588)4014777-0</subfield>
          </datafield>
          <datafield tag="PSW" ind1="-" ind2="2">
            <subfield code="s">Absatzwirtschaft</subfield>
            <subfield code="9">(DE-588)4037589-4</subfield>
          </datafield>
          <datafield tag="PSW" ind1="-" ind2="2">
            <subfield code="s">Konsumgütermarketing</subfield>
            <subfield code="9">(DE-588)4037589-4</subfield>
          </datafield>
          <datafield tag="PSW" ind1="-" ind2="2">
            <subfield code="s">Marketingpolitik</subfield>
            <subfield code="9">(DE-588)4037589-4</subfield>
          </datafield>
          <datafield tag="PSW" ind1="-" ind2="2">
            <subfield code="s">Verbrauchsgut</subfield>
            <subfield code="x">Marketing</subfield>
            <subfield code="9">(DE-588)4037589-4</subfield>
          </datafield>
          <datafield tag="PSW" ind1="-" ind2="2">
            <subfield code="s">Verbrauchsgütermarketing</subfield>
            <subfield code="9">(DE-588)4037589-4</subfield>
          </datafield>
          <datafield tag="PSW" ind1="-" ind2="2">
            <subfield code="s">Absatzpolitik</subfield>
            <subfield code="9">(DE-588)4037589-4</subfield>
          </datafield>
          <datafield tag="PSW" ind1="-" ind2="2">
            <subfield code="s">Absatzplanung</subfield>
            <subfield code="9">(DE-588)4037589-4</subfield>
          </datafield>
          <datafield tag="PSW" ind1="-" ind2="2">
            <subfield code="s">Verkaufsplanung</subfield>
            <subfield code="9">(DE-588)4037589-4</subfield>
          </datafield>
          <datafield tag="PSW" ind1="-" ind2="2">
            <subfield code="s">Absatzwirtschaft</subfield>
            <subfield code="9">(DE-588)4037589-4</subfield>
          </datafield>
          <datafield tag="PSW" ind1="-" ind2="2">
            <subfield code="s">Konsumgütermarketing</subfield>
            <subfield code="9">(DE-588)4037589-4</subfield>
          </datafield>
          <datafield tag="PSW" ind1="-" ind2="2">
            <subfield code="s">Marketingpolitik</subfield>
            <subfield code="9">(DE-588)4037589-4</subfield>
          </datafield>
          <datafield tag="PSW" ind1="-" ind2="2">
            <subfield code="s">Verbrauchsgut</subfield>
            <subfield code="x">Marketing</subfield>
            <subfield code="9">(DE-588)4037589-4</subfield>
          </datafield>
          <datafield tag="PSW" ind1="-" ind2="2">
            <subfield code="s">Verbrauchsgütermarketing</subfield>
            <subfield code="9">(DE-588)4037589-4</subfield>
          </datafield>
          <datafield tag="PSW" ind1="-" ind2="2">
            <subfield code="s">Absatzpolitik</subfield>
            <subfield code="9">(DE-588)4037589-4</subfield>
          </datafield>
          <datafield tag="PSW" ind1="-" ind2="2">
            <subfield code="s">Absatzplanung</subfield>
            <subfield code="9">(DE-588)4037589-4</subfield>
          </datafield>
          <datafield tag="PSW" ind1="-" ind2="2">
            <subfield code="s">Verkaufsplanung</subfield>
            <subfield code="9">(DE-588)4037589-4</subfield>
          </datafield>
          <datafield tag="PSW" ind1="-" ind2="2">
            <subfield code="s">Absatzwirtschaft</subfield>
            <subfield code="9">(DE-588)4037589-4</subfield>
          </datafield>
          <datafield tag="PSW" ind1="-" ind2="2">
            <subfield code="s">Konsumgütermarketing</subfield>
            <subfield code="9">(DE-588)4037589-4</subfield>
          </datafield>
          <datafield tag="PSW" ind1="-" ind2="2">
            <subfield code="s">Marketingpolitik</subfield>
            <subfield code="9">(DE-588)4037589-4</subfield>
          </datafield>
          <datafield tag="PSW" ind1="-" ind2="2">
            <subfield code="s">Verbrauchsgut</subfield>
            <subfield code="x">Marketing</subfield>
            <subfield code="9">(DE-588)4037589-4</subfield>
          </datafield>
          <datafield tag="PSW" ind1="-" ind2="2">
            <subfield code="s">Verbrauchsgütermarketing</subfield>
            <subfield code="9">(DE-588)4037589-4</subfield>
          </datafield>
          <datafield tag="PSW" ind1="-" ind2="2">
            <subfield code="s">Absatzpolitik</subfield>
            <subfield code="9">(DE-588)4037589-4</subfield>
          </datafield>
          <datafield tag="PSW" ind1="-" ind2="2">
            <subfield code="s">Absatzplanung</subfield>
            <subfield code="9">(DE-588)4037589-4</subfield>
          </datafield>
          <datafield tag="PSW" ind1="-" ind2="2">
            <subfield code="s">Verkaufsplanung</subfield>
            <subfield code="9">(DE-588)4037589-4</subfield>
          </datafield>
          <datafield tag="PSW" ind1="-" ind2="2">
            <subfield code="s">Britisches Englisch</subfield>
            <subfield code="9">(DE-588)4014777-0</subfield>
          </datafield>
          <datafield tag="PSW" ind1="-" ind2="2">
            <subfield code="s">Englische Sprache</subfield>
            <subfield code="9">(DE-588)4014777-0</subfield>
          </datafield>
          <datafield tag="PSW" ind1="-" ind2="2">
            <subfield code="s">Neuhochdeutsch</subfield>
            <subfield code="9">(DE-588)4113292-0</subfield>
          </datafield>
          <datafield tag="PSW" ind1="-" ind2="2">
            <subfield code="s">Deutsche Sprache</subfield>
            <subfield code="9">(DE-588)4113292-0</subfield>
          </datafield>
          <datafield tag="PSW" ind1="-" ind2="2">
            <subfield code="s">Hochdeutsch</subfield>
            <subfield code="9">(DE-588)4113292-0</subfield>
          </datafield>
          <datafield tag="PSW" ind1="-" ind2="2">
            <subfield code="s">Unternehmen</subfield>
            <subfield code="x">Leitung</subfield>
            <subfield code="h">Management</subfield>
            <subfield code="9">(DE-588)4037278-9</subfield>
          </datafield>
          <datafield tag="PSW" ind1="-" ind2="2">
            <subfield code="s">Unternehmen</subfield>
            <subfield code="x">Management</subfield>
            <subfield code="9">(DE-588)4037278-9</subfield>
          </datafield>
          <datafield tag="PSW" ind1="-" ind2="2">
            <subfield code="s">Unternehmensmanagement</subfield>
            <subfield code="9">(DE-588)4037278-9</subfield>
          </datafield>
          <datafield tag="PSW" ind1="-" ind2="2">
            <subfield code="s">Unternehmensführung</subfield>
            <subfield code="9">(DE-588)4037278-9</subfield>
          </datafield>
          <datafield tag="PSW" ind1="-" ind2="2">
            <subfield code="s">Leitung</subfield>
            <subfield code="h">Organisation</subfield>
            <subfield code="9">(DE-588)4037278-9</subfield>
          </datafield>
          <datafield tag="PSW" ind1="-" ind2="2">
            <subfield code="s">Neuhochdeutsch</subfield>
            <subfield code="9">(DE-588)4113292-0</subfield>
          </datafield>
          <datafield tag="PSW" ind1="-" ind2="2">
            <subfield code="s">Deutsche Sprache</subfield>
            <subfield code="9">(DE-588)4113292-0</subfield>
          </datafield>
          <datafield tag="PSW" ind1="-" ind2="2">
            <subfield code="s">Hochdeutsch</subfield>
            <subfield code="9">(DE-588)4113292-0</subfield>
          </datafield>
          <datafield tag="PSW" ind1="-" ind2="2">
            <subfield code="s">Absatzwirtschaft</subfield>
            <subfield code="9">(DE-588)4037589-4</subfield>
          </datafield>
          <datafield tag="PSW" ind1="-" ind2="2">
            <subfield code="s">Konsumgütermarketing</subfield>
            <subfield code="9">(DE-588)4037589-4</subfield>
          </datafield>
          <datafield tag="PSW" ind1="-" ind2="2">
            <subfield code="s">Marketingpolitik</subfield>
            <subfield code="9">(DE-588)4037589-4</subfield>
          </datafield>
          <datafield tag="PSW" ind1="-" ind2="2">
            <subfield code="s">Verbrauchsgut</subfield>
            <subfield code="x">Marketing</subfield>
            <subfield code="9">(DE-588)4037589-4</subfield>
          </datafield>
          <datafield tag="PSW" ind1="-" ind2="2">
            <subfield code="s">Verbrauchsgütermarketing</subfield>
            <subfield code="9">(DE-588)4037589-4</subfield>
          </datafield>
          <datafield tag="PSW" ind1="-" ind2="2">
            <subfield code="s">Absatzpolitik</subfield>
            <subfield code="9">(DE-588)4037589-4</subfield>
          </datafield>
          <datafield tag="PSW" ind1="-" ind2="2">
            <subfield code="s">Absatzplanung</subfield>
            <subfield code="9">(DE-588)4037589-4</subfield>
          </datafield>
          <datafield tag="PSW" ind1="-" ind2="2">
            <subfield code="s">Verkaufsplanung</subfield>
            <subfield code="9">(DE-588)4037589-4</subfield>
          </datafield>
          <datafield tag="PSW" ind1="-" ind2="2">
            <subfield code="s">Unternehmen</subfield>
            <subfield code="x">Leitung</subfield>
            <subfield code="h">Management</subfield>
            <subfield code="9">(DE-588)4037278-9</subfield>
          </datafield>
          <datafield tag="PSW" ind1="-" ind2="2">
            <subfield code="s">Unternehmen</subfield>
            <subfield code="x">Management</subfield>
            <subfield code="9">(DE-588)4037278-9</subfield>
          </datafield>
          <datafield tag="PSW" ind1="-" ind2="2">
            <subfield code="s">Unternehmensmanagement</subfield>
            <subfield code="9">(DE-588)4037278-9</subfield>
          </datafield>
          <datafield tag="PSW" ind1="-" ind2="2">
            <subfield code="s">Unternehmensführung</subfield>
            <subfield code="9">(DE-588)4037278-9</subfield>
          </datafield>
          <datafield tag="PSW" ind1="-" ind2="2">
            <subfield code="s">Leitung</subfield>
            <subfield code="h">Organisation</subfield>
            <subfield code="9">(DE-588)4037278-9</subfield>
          </datafield>
          <datafield tag="PSW" ind1="-" ind2="2">
            <subfield code="s">Britisches Englisch</subfield>
            <subfield code="9">(DE-588)4014777-0</subfield>
          </datafield>
          <datafield tag="PSW" ind1="-" ind2="2">
            <subfield code="s">Englische Sprache</subfield>
            <subfield code="9">(DE-588)4014777-0</subfield>
          </datafield>
          <datafield tag="PSW" ind1="-" ind2="2">
            <subfield code="s">Absatzwirtschaft</subfield>
            <subfield code="9">(DE-588)4037589-4</subfield>
          </datafield>
          <datafield tag="PSW" ind1="-" ind2="2">
            <subfield code="s">Konsumgütermarketing</subfield>
            <subfield code="9">(DE-588)4037589-4</subfield>
          </datafield>
          <datafield tag="PSW" ind1="-" ind2="2">
            <subfield code="s">Marketingpolitik</subfield>
            <subfield code="9">(DE-588)4037589-4</subfield>
          </datafield>
          <datafield tag="PSW" ind1="-" ind2="2">
            <subfield code="s">Verbrauchsgut</subfield>
            <subfield code="x">Marketing</subfield>
            <subfield code="9">(DE-588)4037589-4</subfield>
          </datafield>
          <datafield tag="PSW" ind1="-" ind2="2">
            <subfield code="s">Verbrauchsgütermarketing</subfield>
            <subfield code="9">(DE-588)4037589-4</subfield>
          </datafield>
          <datafield tag="PSW" ind1="-" ind2="2">
            <subfield code="s">Absatzpolitik</subfield>
            <subfield code="9">(DE-588)4037589-4</subfield>
          </datafield>
          <datafield tag="PSW" ind1="-" ind2="2">
            <subfield code="s">Absatzplanung</subfield>
            <subfield code="9">(DE-588)4037589-4</subfield>
          </datafield>
          <datafield tag="PSW" ind1="-" ind2="2">
            <subfield code="s">Verkaufsplanung</subfield>
            <subfield code="9">(DE-588)4037589-4</subfield>
          </datafield>
          <datafield tag="PPE" ind1="-" ind2="2">
            <subfield code="p">Schäfer, W.</subfield>
            <subfield code="9">(DE-588)104827904</subfield>
          </datafield>
          <datafield tag="PPE" ind1="-" ind2="2">
            <subfield code="p">Schäfer-Himmelstoss, ...</subfield>
            <subfield code="9">(DE-588)104827904</subfield>
          </datafield>
          <datafield tag="PPE" ind1="-" ind2="2">
            <subfield code="p">Schäfer, W.</subfield>
            <subfield code="9">(DE-588)104827904</subfield>
          </datafield>
          <datafield tag="PPE" ind1="-" ind2="2">
            <subfield code="p">Schäfer-Himmelstoss, ...</subfield>
            <subfield code="9">(DE-588)104827904</subfield>
          </datafield>
          <datafield tag="700" ind1=" " ind2=" ">
            <subfield code="a">PIDE</subfield>
          </datafield>
          <datafield tag="OWN" ind1=" " ind2=" ">
            <subfield code="a">P0001</subfield>
          </datafield>
          <datafield tag="PLK" ind1=" " ind2=" ">
            <subfield code="a">SRU</subfield>
            <subfield code="l">PAD01</subfield>
            <subfield code="b">000296544</subfield>
            <subfield code="m">5815 : Beck-Wirtschaftsberater.^Englisch - Deutsch.^1991</subfield>
            <subfield code="n">Dtv.^1961</subfield>
          </datafield>
          <datafield tag="PLK" ind1=" " ind2=" ">
            <subfield code="a">UP</subfield>
            <subfield code="l">PAD01</subfield>
            <subfield code="b">000562877</subfield>
            <subfield code="m">1;^.^Englisch - Deutsch.^1991</subfield>
            <subfield code="n">Management &amp; marketing dictionary.^</subfield>
          </datafield>
          <datafield tag="LOC" ind1=" " ind2=" ">
            <subfield code="m">BOOK</subfield>
            <subfield code="a">P0001</subfield>
            <subfield code="b">38</subfield>
            <subfield code="d">PIDE1828-1</subfield>
            <subfield code="i">92/5547</subfield>
            <subfield code="n">38</subfield>
            <subfield code="k">20000217</subfield>
            <subfield code="5">537775-10</subfield>
          </datafield>
        </record>
      </metadata>
    </record>
  </ListRecords>
</OAI-PMH>
